<record><leader>00000cas a2200000 a 4500</leader><controlfield tag="001">26498098</controlfield><controlfield tag="008">920828u1897uuuuiluwr ne      0   b0hrv c</controlfield><datafield ind1=" " ind2=" " tag="010"><subfield code="a">sn 92055168 </subfield></datafield><datafield ind1=" " ind2=" " tag="040"><subfield code="a">NVF</subfield><subfield code="b">eng</subfield><subfield code="c">NVF</subfield><subfield code="d">OCLCQ</subfield><subfield code="d">NVF</subfield><subfield code="d">OCLCQ</subfield><subfield code="d">OCLCF</subfield><subfield code="d">OCLCO</subfield><subfield code="d">NVF</subfield><subfield code="d">OCLCO</subfield><subfield code="d">NVF</subfield><subfield code="d">OCLCO</subfield><subfield code="d">OCL</subfield><subfield code="d">OCLCO</subfield></datafield><datafield ind1="1" ind2=" " tag="029"><subfield code="a">AU@</subfield><subfield code="b">000020747002</subfield></datafield><datafield ind1=" " ind2=" " tag="041"><subfield code="a">hrv</subfield><subfield code="a">eng</subfield></datafield><datafield ind1=" " ind2=" " tag="042"><subfield code="a">pcc</subfield></datafield><datafield ind1=" " ind2=" " tag="043"><subfield code="a">n-us-il</subfield></datafield><datafield ind1="1" ind2="0" tag="242"><subfield code="a">Chicago liberty.</subfield><subfield code="y">eng</subfield></datafield><datafield ind1="0" ind2="0" tag="245"><subfield code="a">Chicago-sloboda.</subfield></datafield><datafield ind1="3" ind2=" " tag="246"><subfield code="a">Chicago sloboda</subfield></datafield><datafield ind1=" " ind2=" " tag="260"><subfield code="a">Chicago, Ill. :</subfield><subfield code="b">Croatian Pub. Co.</subfield></datafield><datafield ind1=" " ind2=" " tag="300"><subfield code="a">v. :</subfield><subfield code="b">ill., ports.</subfield></datafield><datafield ind1=" " ind2=" " tag="310"><subfield code="a">Weekly</subfield></datafield><datafield ind1="1" ind2=" " tag="362"><subfield code="a">Began in 1897?</subfield></datafield><datafield ind1=" " ind2=" " tag="500"><subfield code="a">"Is the largest and most widely circulated Croatian newspaper in the U.S. It is read by every Croatian from Atlantic to the Pacific and from Maine to the gulf," pbulisher's box.</subfield></datafield><datafield ind1=" " ind2=" " tag="530"><subfield code="a">Preservation microfilmed in cooperation with the University of Illinois at Urbana-Champaign Library as part of the United States Newspaper Program; the years 1897-1900 (on 1 microfilm reel) are available for purchase from OCLC Preservation Service Centers.</subfield></datafield><datafield ind1=" " ind2=" " tag="546"><subfield code="a">Text in Serbo-Croatian (Roman) and some English.</subfield></datafield><datafield ind1=" " ind2=" " tag="580"><subfield code="a">Formed by the union of: Chicago and: Sloboda (Chicago, Ill. : 1896).</subfield></datafield><datafield ind1=" " ind2=" " tag="588"><subfield code="a">Description based on: G. 1, br. 19 (16 list. 1897).</subfield></datafield><datafield ind1=" " ind2=" " tag="588"><subfield code="a">Latest issue consulted: G. 8, br. 37 (6 list. 1900).</subfield></datafield><datafield ind1=" " ind2="0" tag="650"><subfield code="a">Croatian Americans</subfield><subfield code="z">Illinois</subfield><subfield code="z">Chicago</subfield><subfield code="v">Newspapers.</subfield></datafield><datafield ind1=" " ind2="0" tag="650"><subfield code="a">Croatian American newspapers</subfield><subfield code="z">Illinois</subfield><subfield code="z">Chicago.</subfield></datafield><datafield ind1=" " ind2="0" tag="651"><subfield code="a">Chicago (Ill.)</subfield><subfield code="v">Newspapers.</subfield></datafield><datafield ind1=" " ind2="0" tag="651"><subfield code="a">United States</subfield><subfield code="v">Newspapers.</subfield></datafield><datafield ind1=" " ind2="7" tag="655"><subfield code="a">Newspapers.</subfield><subfield code="2">fast</subfield><subfield code="0">(OCoLC)fst01423814</subfield></datafield><datafield ind1=" " ind2="7" tag="650"><subfield code="a">Croatian American newspapers.</subfield><subfield code="2">fast</subfield><subfield code="0">(OCoLC)fst00883831</subfield></datafield><datafield ind1=" " ind2="7" tag="650"><subfield code="a">Croatian Americans.</subfield><subfield code="2">fast</subfield><subfield code="0">(OCoLC)fst00883782</subfield></datafield><datafield ind1=" " ind2="7" tag="651"><subfield code="a">Illinois</subfield><subfield code="z">Chicago.</subfield><subfield code="2">fast</subfield><subfield code="0">(OCoLC)fst01204048</subfield></datafield><datafield ind1=" " ind2="7" tag="651"><subfield code="a">United States.</subfield><subfield code="2">fast</subfield><subfield code="0">(OCoLC)fst01204155</subfield></datafield><datafield ind1=" " ind2=" " tag="752"><subfield code="a">United States</subfield><subfield code="b">Illinois</subfield><subfield code="c">Cook County</subfield><subfield code="d">Chicago.</subfield></datafield><datafield ind1="1" ind2="4" tag="780"><subfield code="t">Chicago</subfield></datafield><datafield ind1="1" ind2="4" tag="780"><subfield code="t">Sloboda (Chicago, Ill. : 1896)</subfield><subfield code="w">(DLC)sn 92055167</subfield><subfield code="w">(OCoLC)26498021</subfield></datafield></record>